@article{ShaAreCal:2015,
   author = "Martynov, Ivan and Kauranne, Tuomo",
   title = "Defining solar park location using shadow over time detection method",
   journal = "AIP Conference Proceedings",
   year = "2016",
   volume = "1738",
   number = "1",
   eid = 480026,
   pages = "",
   url = "http://scitation.aip.org/content/aip/proceeding/aipcp/10.1063/1.4952262",
   doi = "http://dx.doi.org/10.1063/1.4952262"
}

@inproceedings{DetShaArt:2014,
author = "{Martynov, I., Kauranne, T.}",
title = "Detection of {S}hadow Artifacts in Satellite Imagery Using Digital Elevation Models",
publisher = "Springer",
year = "2015",
volume = "6688",
pages = "536\,--\,544",
notes = "accepted",
series = "Lecture Notes in Computer Science",
}

@inproceedings{InvCamCal:2011,
author = "{Martynov, I., Kamarainen, J.\,K., Lensu, L.}",
title = "Projector calibration by ``inverse camera calibration'': {JUFO} level 1",
publisher = "Springer",
year = "2011",
volume = "6688",
pages = "536\,--\,544",
series = "Lecture Notes in Computer Science",
booktitle = "Heyden, A., Kahl, F. (eds.) SCIA",
}

@mastersthesis{Mar:2008,
author = "Ivan Martynov",
title = "Computing the {P}ersistent {H}omology of {R}ange {I}mages with {A}lpha {S}hapes",
year = "2008",
school = "Lappeenranta University of Technology"
}

@mastersthesis{Mar2:2008,
author = "Ivan Martynov",
title = "About {F}ree {P}roducts {H}omeomorphisms",
year = "2008",
school = "Petrozavodsk State University",
}
